<?xml version="1.0" encoding="UTF-8"?><record xmlns="http://www.loc.gov/MARC21/slim" xmlns:cinclude="http://apache.org/cocoon/include/1.0" xmlns:zs="http://www.loc.gov/zing/srw/">
  <leader>00372cz  a2200133n  4500</leader>
  <controlfield tag="001">n  85159212 </controlfield>
  <controlfield tag="003">DLC</controlfield>
  <controlfield tag="005">20080614075152.0</controlfield>
  <controlfield tag="008">860224n| acannaabn          |n aaa     c</controlfield>
  <datafield tag="010" ind1=" " ind2=" ">
    <subfield code="a">n  85159212 </subfield>
  </datafield>
  <datafield tag="035" ind1=" " ind2=" ">
    <subfield code="a">(OCoLC)oca01541023</subfield>
  </datafield>
  <datafield tag="040" ind1=" " ind2=" ">
    <subfield code="a">CSt</subfield>
    <subfield code="b">eng</subfield>
    <subfield code="c">DLC</subfield>
    <subfield code="d">OCoLC</subfield>
  </datafield>
  <datafield tag="100" ind1="1" ind2=" ">
    <subfield code="a">Lebosse휍혖, Henri</subfield>
  </datafield>
  <datafield tag="670" ind1=" " ind2=" ">
    <subfield code="a">Rodin, A. The sculpture of Auguste Rodin, c1983:</subfield>
    <subfield code="b">p. 2 (Henri Lebosse휍혖)</subfield>
  </datafield>
</record>